% Websites
@online{GNS3,
  author = {\relax{Galaxy Technologies,}},
  title = {\relax{GNS3 Network Simulator}},
  url = {https://gns3.com},
}

@online{mininet,
  author = {\relax{Mininet Team}},
  title = {\relax{Mininet}},
  year = 2019,
  url = {https://mininet.org},
}


@online{omnet,
  author = {\relax{OMNeT++}},
  title = {\relax{OMNeT++ Discrete Event Simulator}},
  year = 2019,
  url = {https://omnetpp.org.org},
}


% General/ survey
@article{fog2016survey,
  title={{Fog and IoT: An Overview of Research Opportunities}}, 
  author={Chang, Mung and Zhang, Tao},
  journal={IEEE Internet of Things Journal},
  volume={3},
  number={6},
  pages={854--864},
  year={2016},
}

@inproceedings{cao2015distributed,
  title={{Distributed Analytics and Edge Intelligence: Pervasive Health Monitoring at the Era of Fog Computing}},
  author={Cao, Yu and Hou, Peng and Brown, Donald and Wang, Jie and Chen, Songqing},
  booktitle={Proceedings of the Workshop on Mobile Big Data},
  pages={43--48},
  year={2015},
  organization={ACM}
}


@inproceedings{jyothi2015towards,
  title={{Towards a Flexible Data Center Fabric with Source Routing}},
  author={Jyothi, Sangeetha Abdu and Dong, Mo and Godfrey, P},
  booktitle={Proceedings of ACM SIGCOMM Symposium on Software Defined Networking Research},
  pages={10},
  year={2015},
}

@article{shi2016promise,
  title={{The Promise of Edge Computing}},
  author={Shi, Weisong and Dustdar, Schahram},
  journal={Computer},
  volume={49},
  number={5},
  pages={78--81},
  year={2016},
  publisher={IEEE}
}

@article{magid2019image,
  title={{Image Classification on IoT Edge Devices: Profiling and Modeling}},
  author={Magid, Salma Abdel and Petrini, Francesco and Dezfouli, Behnam},
  journal={Cluster Computing, https://doi.org/10.1007/s10586-019-02971-9},
  year={2019}
}


@article{fang2018evaluating,
  title={{Evaluating Software Switches: Hard or Hopeless?}},
  author={Fang, Vivian and Lvai, T and Han, Sangjin and Ratnasamy, Sylvia and Raghavan, Barath and Sherry, Justine},
  journal={EECS Department, University of California, Berkeley, Tech. Rep. UCB/EECS-2018-136},
  year={2018}
}

@article{dezfouli2017rewimo,
  title={REWIMO: A real-time and reliable low-power wireless mobile network},
  author={Dezfouli, Behnam and Radi, Marjan and Chipara, Octav},
  journal={ACM Transactions on Sensor Networks (TOSN)},
  volume={13},
  number={3},
  pages={17},
  year={2017},
  publisher={ACM}
}



% simulation
@article{cloudsim,
  author = {Calheiros, Rodrigo N. and Ranjan, Rajiv and Beloglazov, Anton and Rose, CÃ©sar A. F. De and Buyya, Rajkumar},
  year = {2011},
  title = {{CloudSim: A Toolkit for Modeling and Simulation of Cloud Computing Environments and Evaluation of Resource Provisioning Algorithms}},
  journal = {Software: Practice and Experience},
  volume = {41},
  pages = {23--50},
  number = {1},
}


@INPROCEEDINGS{cloudsimsdn, 
author={J. Son and A. V. Dastjerdi and R. N. Calheiros and X. Ji and Y. Yoon and R. Buyya}, 
booktitle={15th IEEE/ACM International Symposium on Cluster, Cloud and Grid Computing}, 
title={{CloudSimSDN: Modeling and Simulation of Software-Defined Cloud Data Centers}}, 
year={2015}, 
pages={475-484}, 
}


@article{containercloudsim,
  title={{ContainerCloudSim: An Environment for Modeling and Simulation of Containers in Cloud Data Centers}},
  author={Piraghaj, Sareh Fotuhi and Dastjerdi, Amir Vahid and Calheiros, Rodrigo N and Buyya, Rajkumar},
  journal={Software: Practice and Experience},
  volume={47},
  number={4},
  pages={505--521},
  year={2017},
}


@article{ifogsim,
author = {Gupta, Harshit and Vahid Dastjerdi, Amir and Ghosh, Soumya K. and Buyya, Rajkumar},
title = {{iFogSim: A Toolkit for Modeling and Simulation of Resource Management Techniques in the Internet of Things, Edge and Fog Computing Environments}},
journal = {Software: Practice and Experience},
volume = {47},
number = {9},
pages = {1275-1296},
year = {2017}
}


@INPROCEEDINGS{Skarlat2016resourceprovisioning, 
author={O. Skarlat and S. Schulte and M. Borkowski and P. Leitner}, 
booktitle={IEEE 9th International Conference on Service-Oriented Computing and Applications (SOCA)}, 
title={{Resource Provisioning for IoT Services in the Fog}}, 
year={2016}, 
pages={32-39}, 
}

@article{ansari2016,
  title={{EdgeIoT: Mobile Edge Computing for the Internet of Things}},
  author={Sun, Xiang and Ansari, Nirwan},
  journal={IEEE Communications Magazine},
  volume={54},
  number={12},
  pages={22--29},
  year={2016},
  publisher={IEEE}
}


@article{ansari2018,
  title={\relax{Mobile Edge Computing Empowers Internet of Things}},
  author={Ansari, Nirwan and Sun, Xiang},
  journal={IEICE Transactions on Communications},
  volume={101},
  number={3},
  pages={604--619},
  year={2018},
}


@INPROCEEDINGS{8030655, 
author={D. Alshammari and J. Singer and T. Storer}, 
booktitle={IEEE 10th International Conference on Cloud Computing (CLOUD)}, 
title={{Does CloudSim Accurately Model Micro Datacenters?}}, 
year={2017}, 
volume={}, 
number={}, 
pages={705-709}, 
month={June},}

@INPROCEEDINGS{6679872, 
author={F. P. Tso and D. R. White and S. Jouet and J. Singer and D. P. Pezaros}, 
booktitle={IEEE 33rd International Conference on Distributed Computing Systems Workshops}, 
title={{The Glasgow Raspberry Pi Cloud: A Scale Model for Cloud Computing Infrastructures}}, 
year={2013}, 
volume={}, 
number={}, 
pages={108-112}, 
month={July},}

@article{yin2018,
author = {Yin, Luxiu and Luo, Juan and Luo, Haibo},
journal = {IEEE Transactions on Industrial Informatics},
number = {10},
pages = {4712--4721},
publisher = {IEEE},
title = {{Tasks Scheduling and Resource Allocation in Fog Computing Based on Containers for Smart Manufacture}},
volume = {14},
year = {2018}
}




% RESTCONF RPC
@misc{restconf, title={RESTCONF Protocol}, url={https://tools.ietf.org/html/rfc8040}, journal={IETF Tools}, author={Bierman, A and Bjorklund, M and Watsen, K}, year={2017}, month={Jan}}

% Resource Allocation in Fog IoT Networks
% Has network resource allocation
@ARTICLE{fogiot_resourceallocation, 
author={S. F. {Abedin} and M. G. R. {Alam} and S. M. A. {Kazmi} and N. H. {Tran} and D. {Niyato} and C. S. {Hong}}, 
journal={IEEE Transactions on Communications}, 
title={{Resource Allocation for Ultra-Reliable and Enhanced Mobile Broadband IoT Applications in Fog Network}}, 
year={2019}, 
volume={67}, 
number={1}, 
pages={489-502}, 
}


% other
@ARTICLE{enorm, 
author={N. {Wang} and B. {Varghese} and M. {Matthaiou} and D. S. {Nikolopoulos}}, 
journal={IEEE Transactions on Services Computing}, 
title={{ENORM: A Framework For Edge NOde Resource Management}}, 
year={2017}, 
doi={10.1109/TSC.2017.2753775}, 
}

% Juniper ovsdb
@misc{juniper_ovsdb, 
author={\relax{Juniper Networks}},
title={{OVSDB Support on Juniper Networks Devices}},
url={https://www.juniper.net/documentation/en_US/junos/topics/reference/general/sdn-ovsdb-supported-platforms.html},
journal={OVSDB Support on Juniper Networks Devices - TechLibrary - Juniper Networks}, publisher={Juniper Networks, Inc.}, year={2018}, month={Aug}}



% Docker Swarm 
@misc{dockerSwarm,
author={\relax{Docker}},
title={{Swarm Mode Overview}}, 
url={https://docs.docker.com/engine/swarm/}}


@misc{dockerNetworking,
author={\relax{Docker}},
title={{Docker Swarm Reference Architecture: Exploring Scalable, Portable Docker Container Networks}}, 
url={https://success.docker.com/article/networking}
}


@misc{quic1,
author={\relax{The Chromium Projects}},
title={{QUIC, a multiplexed stream transport over UDP}}, 
url={https://www.chromium.org/quic}
}

@article{quic2,
  title={\relax{Implementation and analysis of QUIC for MQTT}},
  author={Kumar, Puneet and Dezfouli, Behnam},
  journal={Computer Networks},
  volume={150},
  pages={28--45},
  year={2019},
  publisher={Elsevier}
}


@inproceedings{Bonomi2012,
 author = {Bonomi, Flavio and Milito, Rodolfo and Zhu, Jiang and Addepalli, Sateesh},
 title = {{Fog Computing and Its Role in the Internet of Things}},
 booktitle = {Proceedings of the First Edition of the MCC Workshop on Mobile Cloud Computing},
 year = {2012},
 pages = {13--16},
} 

@article{bellman1958routing,
  title={On a routing problem},
  author={Bellman, Richard},
  journal={Quarterly of applied mathematics},
  volume={16},
  number={1},
  pages={87--90},
  year={1958}
}



% End-to-end delay guarantees SDN
@INPROCEEDINGS{endtoendDelayGuarantee, 
author={R. {Kumar} and M. {Hasan} and S. {Padhy} and K. {Evchenko} and L. {Piramanayagam} and S. {Mohan} and R. B. {Bobba}}, 
booktitle={IEEE Real-Time Systems Symposium (RTSS)}, 
title={{End-to-End Network Delay Guarantees for Real-Time Systems Using SDN}}, 
year={2017}, 
pages={231-242}, 
}

%kubernetes
@misc{kubernetes, 
    title={{Production-Grade Container Orchestration}},
    url={https://kubernetes.io/},
    journal={Kubernetes},
    publisher={The Linux Foundation}}


%containermigration
@INPROCEEDINGS{containerLiveMigration, 
author={K. {Govindaraj} and A. {Artemenko}}, 
booktitle={IEEE 23rd International Conference on Emerging Technologies and Factory Automation (ETFA)}, 

title={{Container Live Migration for Latency Critical Industrial Applications on Edge Computing}}, 
year={2018}, 
volume={1}, 
number={}, 
pages={83-90}, 
}


